<?xml version="1.0" encoding="UTF-8"?><record xmlns="http://www.loc.gov/MARC21/slim" xmlns:cinclude="http://apache.org/cocoon/include/1.0" xmlns:zs="http://www.loc.gov/zing/srw/">
  <leader>00367nz  a2200121n  4500</leader>
  <controlfield tag="001">n  91031888 </controlfield>
  <controlfield tag="003">DLC</controlfield>
  <controlfield tag="005">19910401140125.2</controlfield>
  <controlfield tag="008">910401n| acannaab|          |n aad |||  </controlfield>
  <datafield tag="010" ind1=" " ind2=" ">
    <subfield code="a">n  91031888 </subfield>
  </datafield>
  <datafield tag="040" ind1=" " ind2=" ">
    <subfield code="a">DLC</subfield>
    <subfield code="c">DLC</subfield>
  </datafield>
  <datafield tag="100" ind1="1" ind2="0">
    <subfield code="a">Bochet, Gilbert</subfield>
  </datafield>
  <datafield tag="670" ind1=" " ind2=" ">
    <subfield code="a">nuc91-5406: His Ivory Coast--the supernatural ... 197-?</subfield>
    <subfield code="b">(hdg. on NN rept.: Bochet, Gilbert; usage: Gilbert Bochet)</subfield>
  </datafield>
</record>